@Manual{R-base,
  title = {R: A Language and Environment for Statistical Computing},
  author = {{R Core Team}},
  organization = {R Foundation for Statistical Computing},
  address = {Vienna, Austria},
  year = {2021},
  url = {https://www.R-project.org/},
}
@Manual{R-papaja,
  title = {{papaja}: {Prepare} reproducible {APA} journal articles with {R Markdown}},
  author = {Frederik Aust and Marius Barth},
  year = {2020},
  note = {R package version 0.1.0.9999},
  url = {https://github.com/crsh/papaja},
}
@Manual{R-tinylabels,
  title = {{tinylabels}: Lightweight Variable Labels},
  author = {Marius Barth},
  year = {2022},
  note = {R package version 0.2.3},
  url = {https://cran.r-project.org/package=tinylabels},
}

@article{ganguli2017machine,
  title={Machine learning for better models for predicting bond prices},
  author={Ganguli, Swetava and Dunnmon, Jared},
  journal={arXiv preprint arXiv:1705.01142},
  year={2017}
}
@article{gotze2020improving,
  title={Improving CAT bond pricing models via machine learning},
  author={G{\"o}tze, Tobias and G{\"u}rtler, Marc and Witowski, Eileen},
  journal={Journal of Asset Management},
  volume={21},
  number={5},
  pages={428--446},
  year={2020},
  publisher={Springer}
}

@misc{medium,
  author = {Thomas Bacas},
  title = {{Predicting Accurate Bond Prices with Neural Networks}},
  howpublished = "\url{https://medium.com/@thomasbacas/predicting-accurate-bond-prices-with-neural-networks-ff46c051c25c/}",
  year = {2018}, 
  note = "[Online; accessed 05-August-2022]"
}

@article{golbayani2020comparative,
  title={A comparative study of forecasting corporate credit ratings using neural networks, support vector machines, and decision trees},
  author={Golbayani, Parisa and Florescu, Ionu{\c{t}} and Chatterjee, Rupak},
  journal={The North American Journal of Economics and Finance},
  volume={54},
  pages={101251},
  year={2020},
  publisher={Elsevier}
}

@article{ganguli2017machine,
  title={Machine learning for better models for predicting bond prices},
  author={Ganguli, Swetava and Dunnmon, Jared},
  journal={arXiv preprint arXiv:1705.01142},
  year={2017}
}
